
@book{Armstrong2006,
  title={Performance Management},
  author={Armstrong, M.},
  isbn={0749445378},
  series={Human Resource Management Series},
  year={2006},
  publisher={Kogan Page}
}

@article{Chappelow2019,
Author = {Chappelow, Craig and McCauley, Cindy},
ISSN = {01000004},
Journal = {Harvard Business Review Digital Articles},
Keywords = {FEEDBACK (Psychology)},
Pages = {2 - 4},
Title = {What Good Feedback Really Looks Like.},
URL = {http://search.ebscohost.com/login.aspx?direct=true&db=buh&AN=136668401&lang=de&site=eds-live&scope=site},
Year = {2019},
}
@article{Jones2012,
Abstract = {A review is presented of the book "How to Be Good at Performance Appraisal," by Dick Grote.},
Author = {Jones, Robert G.},
ISSN = {00315826},
Journal = {Personnel Psychology},
Keywords = {PERFORMANCE evaluation, NONFICTION, GROTE, Dick, HOW to Be Good at Performance Appraisal: Simple, Effective, Done Right (Book)},
Number = {3},
Pages = {708 - 710},
Title = {How to Be Good at Performance Appraisal by Dick Grote.},
Volume = {65},
URL = {http://search.ebscohost.com/login.aspx?direct=true&db=buh&AN=78219049&lang=de&site=eds-live&scope=site},
Year = {2012},
}

@book{Colquitt2017,
Abstract = {There is no HR-related topic more popular in the business press than performance management (PM). There has been an explosion in writing on this topic in the past 5 years, condemning it as a failure and calling for fundamental change. The vast majority of organizations use the same basic process which I call “Last Generation Performance Management” or PM 1.0 for short. Despite widespread agreement that PM 1.0 is failing, few companies have abandoned it or made fundamental changes to it. While everyone agrees it is broken, few agree on how to fix it. Companies continue to tinker with their systems, making incremental changes every few years with no lasting improvement in effectiveness. Employees continue to achieve amazing things in organizations every day, despite this process not because of it. Nothing has worked because organizations, business leaders and HR professionals focus on PM practices instead of the fundamental purpose of PM and the paradigms, assumptions, and beliefs that },
Author = {Colquitt, Alan L.},
ISBN = {9781681239323},
Publisher = {Information Age Publishing},
Title = {Next Generation Performance Management : The Triumph of Science Over Myth and Superstition.},
URL = {http://search.ebscohost.com/login.aspx?direct=true&db=nlebk&AN=1576864&lang=de&site=eds-live&scope=site},
Year = {2017},
}